@string{acmmathsoft = {{ACM} Trans. Math. Softw.}}
@string{ieeetransimproc = {{IEEE} Trans. Image Process.}}
@string{siammms = {Multiscale Model. Simul.}}

@article{PaigSaun:1982,
  Author =       {C. C. Paige and M. A. Saunders},
  Date-Modified ={2007-07-18 14:59:33 -0700},
  Journal =      ACMMathSoft,
  Pages =        {43--71},
  Title =        {{LSQR}: An Algorithm for Sparse Linear Equations and
                  Sparse Least Squares},
  Volume =       8,
  Year =         1982
}

@article{CandDemaDonoYing:2005,
   Author =      {E. J. Cand\`{e}s and L. Demanet and D. L. Donoho and
                  L.-X. Ying},
   Title =       {Fast discrete curvelet transforms},
   Journal =     siammms,
   Volume =      5,
   Pages =       {861--899},
   Year =        2005
}

@misc{Curvelet,
  Author =       {E. J. Cand\`{e}s and L. Demanet and D. L. Donoho and
                  L.-X. Ying},
  Howpublished = {\url{http://www.curvelet.org/}},
  Title =        {{CurveLab}},
  Year =         2007
}

@misc{RWT,
  Author =       {R. Baraniuk and H. Choi and F. Fernandes and
                  B. Hendricks and R. Neelamani and V. Ribeiro and
                  J. Romberg and R. Gopinath and H.-T Guo and M. Lang
                  and J. E. Odegard and D. Wei},
  Date-Added =   {2007-09-18 22:09:54 -0700},
  Date-Modified ={2007-09-18 22:09:54 -0700},
  Howpublished = {\url{http://www.dsp.rice.edu/software/rwt.shtml}},
  Title =        {{Rice Wavelet Toolbox}},
  Year =         1993
}


@article{LuDo:2007,
  Author =       {Y. M. Lu and M. N. Do},
  Title =        {Multidimensional directional filter banks and
                  surfacelets},
  Journal =      ieeetransimproc,
  Volume =       16,
  Number =       4,
  Month =        {April},
  Pages =        {918--931},
  Year =         2007
}

@misc{SurfaceletToolbox,
  Author =       {Y. Lu},
  Howpublished = {\url{http://www.mathworks.com/matlabcentral/fileexchange/14485}},
  Title =        {{Surfacelet toolbox}},
  Year =         2008
}
